<?xml version="1.0" encoding="UTF-8"?><collection xmlns="http://www.loc.gov/MARC21/slim"><record><leader>00460nam--2200181-u-4500</leader><controlfield tag="001">000054498</controlfield><controlfield tag="002">20161230</controlfield><controlfield tag="005">20161230201051</controlfield><controlfield tag="008">120111s1000------------r-----000-0-eng-d</controlfield><datafield ind1=" " ind2=" " tag="020"><subfield code="a">9971950944</subfield></datafield><datafield ind1=" " ind2=" " tag="040"><subfield code="a">IFIN-HH</subfield></datafield><datafield ind1=" " ind2=" " tag="080"><subfield code="a">539.12.01</subfield></datafield><datafield ind1="1" ind2=" " tag="100"><subfield code="a">Moriyasu, K</subfield></datafield><datafield ind1="1" ind2="0" tag="245"><subfield code="a">An elementary primer for gauge theory</subfield><subfield code="c">K. moriyasu</subfield></datafield><datafield ind1=" " ind2=" " tag="260"><subfield code="a">Singapore</subfield><subfield code="b">World Scientific</subfield><subfield code="c">1983</subfield></datafield><datafield ind1=" " ind2=" " tag="300"><subfield code="a">177P</subfield></datafield><datafield ind1=" " ind2=" " tag="852"><subfield code="a">72840</subfield><subfield code="c">539.12</subfield></datafield><datafield ind1=" " ind2=" " tag="CAT"><subfield code="a">Sys</subfield><subfield code="c">20120111</subfield><subfield code="h">140126</subfield></datafield></record></collection>